% general 

@article{Turing,
    author =       "Alan Turing",
    title =        "Computing machinery and inteligence",
    journal =      "Mind",
    pages =        "433--460",
    year =         "1950",
}


@incollection{McCarthy,
 author = {John McCarthy and  Patrick J. Hayes},
 chapter = {Some Philosophical Problems from the Standpoint of Artificial Intelligence},
 title = {Readings in Nonmonotonic Reasoning},
 editor = {Ginsberg, Matthew L.},
 year = {1987},
 isbn = {0-934613-45-1},
 pages = {26--45},
 numpages = {20},
 url = {http://dl.acm.org/citation.cfm?id=42641.42642},
 acmid = {42642},
 publisher = {Morgan Kaufmann Publishers Inc.},
 address = {San Francisco, CA, USA},
} 

@article{Cybenko,
  author = {G. Cybenko},
  journal = {Mathematics of Control, Signals, and Systems (MCSS)},
  pages = {303--314},
  publisher = {Springer London},
  title = {Approximation by superpositions of a sigmoidal function},
  url = {http://dx.doi.org/10.1007/BF02551274},
  volume = {2},
  year = {1989},
}


% general NLP

@article{goldberg15,
    archivePrefix = {arXiv},
    author = {Goldberg, Yoav},
    journal = {CoRR},
    title = {A Primer on Neural Network Models for Natural Language Processing},
    url = {http://arxiv.org/abs/1510.00726},
    volume = {abs/1510.00726},
    year = {2015}
}


@article{Mikolov23,
  author = {Tomas Mikolov and Kai Chen and Greg Corrado and Jeffrey Dean},
  journal = {CoRR},
  title = {Efficient Estimation of Word Representations in Vector Space},
  url = {http://dblp.uni-trier.de/db/journals/corr/corr1301.html#abs-1301-3781},
  volume = {abs/1301.3781},
  year = 2013
}


@inproceedings{Papineni2001,
  author = {Papineni, Kishore and Roukos, Salim and Ward, Todd and Zhu, Wei-Jing},
  booktitle = {ACL '02: Proceedings of the 40th Annual Meeting on Association for Computational Linguistics},
  pages = {311--318},
  publisher = {Association for Computational Linguistics},
  title = {BLEU: A Method for Automatic Evaluation of Machine Translation},
  year = 2001
}


% deep learning

@book{DeepLearningbook,
    author    = "Ian Goodfellow and Yoshua Bengio and Aaron Courville",
    title     = "Deep Learning",
    year      = "2017",
    publisher = "MIT Press",
}


@article{Telgarsky,
  author    = {Matus Telgarsky},
  title     = {Benefits of depth in neural networks},
  journal   = {CoRR},
  volume    = {abs/1602.04485},
  year      = {2016},
  url       = {http://arxiv.org/abs/1602.04485},
  archivePrefix = {arXiv},
  eprint    = {1602.04485},
  biburl    = {http://dblp.org/rec/bib/journals/corr/Telgarsky16},
  bibsource = {dblp computer science bibliography, http://dblp.org}
}



@article{ChungGCB14,
  author    = {Junyoung Chung and
               Caglar Gulcehre and
               KyungHyun Cho and
               Yoshua Bengio},
  title     = {Empirical Evaluation of Gated Recurrent Neural Networks on Sequence
               Modeling},
  journal   = {CoRR},
  volume    = {abs/1412.3555},
  year      = {2014},
  url       = {http://arxiv.org/abs/1412.3555},
  archivePrefix = {arXiv},
  eprint    = {1412.3555},
  biburl    = {http://dblp.org/rec/bib/journals/corr/ChungGCB14},
  bibsource = {dblp computer science bibliography, http://dblp.org}
}





% language models

@article{Mikolov11,
    author =       "T. Mikolov and S. Kombrink and L. Burget and J. Cernock√Ω and S. Khudanpur",
    title =        "Extensions of recurrent neural network language",
    journal =      "IEEE",
    pages =        "5528--5531",
    year =         "2011",
    DOI =          "http://ieeexplore.ieee.org/stamp/stamp.jsp?arnumber=5947611"
}



@inproceedings{Sustskever,
    author =       "Ilya Sustskever and Oriol Vinyals and Quoc V. Le",
    title =        "Sequence to Sequence Learning with Neural Networks",
    booktitle = "Proceedings of the 27th International Conference on Neural Information Processing Systems - Volume 2",
    series = "NIPS'14",
    pages =        "3104--3112",
    year =         "2014",
    DOI =          "http://dl.acm.org/citation.cfm?id=2969033.2969173"
}


@INPROCEEDINGS{Heafield,
    author = {Kenneth Heafield},
    title = {Scalable modified Kneser-Ney language model estimation},
    booktitle = {In Proceedings of the 51st Annual Meeting of the Association for Computational Linguistics},
    year = {2013}
}


% dialog with RNN

@inproceedings{Serban:2016a,
 author = "Iulian V. Serban and Alessandro Sordoni and Yoshua Bengio and  Aaron Courville and Joelle Pineau",
 title = "Building End-to-end Dialogue Systems Using Generative Hierarchical Neural Network Models",
 booktitle = "Proceedings of the Thirtieth AAAI Conference of Artificial Intelligence",
 series = "AAAI'16",
 year = "2016",
 location = "Phoenix, Arizona",
 pages = "3776--3783",
 numpages = "8",
 url = "http://dl.acm.org/citation.cfm?id=3016387.3016435",
 acmid = "3016435",
 publisher = "AAAI Press"
} 



@article{Serban:2016b,
  author    = {Iulian Vlad Serban and
               Tim Klinger and
               Gerald Tesauro and
               Kartik Talamadupula and
               Bowen Zhou and
               Yoshua Bengio and
               Aaron C. Courville},
  title     = {Multiresolution Recurrent Neural Networks: An Application to Dialogue
               Response Generation},
  journal   = {CoRR},
  volume    = {abs/1606.00776},
  year      = {2016},
  url       = {http://arxiv.org/abs/1606.00776},
  archivePrefix = {arXiv},
  eprint    = {1606.00776},
  timestamp = {Wed, 07 Jun 2017 14:40:39 +0200},
  biburl    = {http://dblp.org/rec/bib/journals/corr/SerbanKTTZBC16},
  bibsource = {dblp computer science bibliography, http://dblp.org}
}



@article{Serban:2016c,
  author    = {Iulian Vlad Serban and
               Ryan Lowe and
               Laurent Charlin and
               Joelle Pineau},
  title     = {Generative Deep Neural Networks for Dialogue: a Short Review},
  journal   = {CoRR},
  volume    = {abs/1611.06216},
  year      = {2016},
  url       = {http://arxiv.org/abs/1611.06216},
  archivePrefix = {arXiv},
  eprint    = {1611.06216},
  timestamp = {Wed, 07 Jun 2017 14:41:55 +0200},
  biburl    = {http://dblp.org/rec/bib/journals/corr/SerbanLCP16},
  bibsource = {dblp computer science bibliography, http://dblp.org}
}

@inproceedings{Shao:2017,
  author    = {Yuanlong Shao and
               Stephan Gouws and
               Denny Britz and
               Anna Goldie and
               Brian Strope and
               Ray Kurzweil},
  title     = {Generating High-Quality and Informative Conversation Responses with
               Sequence-to-Sequence Models},
  booktitle = {Proceedings of the 2017 Conference on Empirical Methods in Natural
               Language Processing, {EMNLP} 2017, Copenhagen, Denmark, September
               9-11, 2017},
  pages     = {2200--2209},
  year      = {2017},
  crossref  = {DBLP:conf/emnlp/2017},
  url       = {http://aclanthology.info/papers/D17-1234/d17-1234},
  timestamp = {Fri, 15 Sep 2017 17:29:53 +0200},
  biburl    = {http://dblp.org/rec/bib/conf/emnlp/ShaoGBGSK17},
  bibsource = {dblp computer science bibliography, http://dblp.org}
}



@article{Lowe:2016,
  author    = {Ryan Lowe and
               Michael Noseworthy and
               Iulian Vlad Serban and
               Nicolas Angelard{-}Gontier and
               Yoshua Bengio and
               Joelle Pineau},
  title     = {Towards an Automatic Turing Test: Learning to Evaluate Dialogue Responses},
  journal   = {CoRR},
  volume    = {abs/1708.07149},
  year      = {2017},
  url       = {http://arxiv.org/abs/1708.07149},
  archivePrefix = {arXiv},
  eprint    = {1708.07149},
  timestamp = {Tue, 05 Sep 2017 10:03:46 +0200},
  biburl    = {http://dblp.org/rec/bib/journals/corr/abs-1708-07149},
  bibsource = {dblp computer science bibliography, http://dblp.org}
}


@article{Wen,
  author    = {Tsung{-}Hsien Wen and
               Milica Gasic and
               Nikola Mrksic and
               Lina Maria Rojas{-}Barahona and
               Pei{-}Hao Su and
               Stefan Ultes and
               David Vandyke and
               Steve J. Young},
  title     = {A Network-based End-to-End Trainable Task-oriented Dialogue System},
  journal   = {CoRR},
  volume    = {abs/1604.04562},
  year      = {2016},
  url       = {http://arxiv.org/abs/1604.04562},
  archivePrefix = {arXiv},
  eprint    = {1604.04562},
  timestamp = {Wed, 07 Jun 2017 14:42:56 +0200},
  biburl    = {http://dblp.org/rec/bib/journals/corr/WenGMRSUVY16},
  bibsource = {dblp computer science bibliography, http://dblp.org}
}



% dialog with RL

@article{Li:2017,
  author    = {Jiwei Li and
               Will Monroe and
               Tianlin Shi and
               Alan Ritter and
               Dan Jurafsky},
  title     = {Adversarial Learning for Neural Dialogue Generation},
  journal   = {CoRR},
  volume    = {abs/1701.06547},
  year      = {2017},
  url       = {http://arxiv.org/abs/1701.06547},
  archivePrefix = {arXiv},
  eprint    = {1701.06547},
  timestamp = {Wed, 07 Jun 2017 14:40:22 +0200},
  biburl    = {http://dblp.org/rec/bib/journals/corr/LiMSRJ17},
  bibsource = {dblp computer science bibliography, http://dblp.org}
}

@article{Li:2016,
  author    = {Jiwei Li and
               Will Monroe and
               Alan Ritter and
               Michel Galley and
               Jianfeng Gao and
               Dan Jurafsky},
  title     = {Deep Reinforcement Learning for Dialogue Generation},
  journal   = {CoRR},
  volume    = {abs/1606.01541},
  year      = {2016},
  url       = {http://arxiv.org/abs/1606.01541},
  archivePrefix = {arXiv},
  eprint    = {1606.01541},
  timestamp = {Wed, 07 Jun 2017 14:40:15 +0200},
  biburl    = {http://dblp.org/rec/bib/journals/corr/LiMRGGJ16},
  bibsource = {dblp computer science bibliography, http://dblp.org}
}


@inproceedings{Yu,
  author    = {Zhou Yu and
               Ziyu Xu and
               Alan W. Black and
               Alexander I. Rudnicky},
  title     = {Strategy and Policy Learning for Non-Task-Oriented Conversational Systems},
  booktitle = {Proceedings of the {SIGDIAL} 2016 Conference, The 17th Annual Meeting of the Special Interest Group on Discourse and Dialogue, 13-15 September 2016, Los Angeles, CA, {USA}},
  pages     = {404--412},
  year      = {2016},
  crossref  = {DBLP:conf/sigdial/2016},
  url       = {http://aclweb.org/anthology/W/W16/W16-3649.pdf},
  timestamp = {Fri, 04 Nov 2016 11:35:06 +0100},
  biburl    = {http://dblp.org/rec/bib/conf/sigdial/YuXBR16},
  bibsource = {dblp computer science bibliography, http://dblp.org}
}

@proceedings{DBLP:conf/sigdial/2016,
  title     = {Proceedings of the {SIGDIAL} 2016 Conference, The 17th Annual Meeting
               of the Special Interest Group on Discourse and Dialogue, 13-15 September
               2016, Los Angeles, CA, {USA}},
  publisher = {The Association for Computer Linguistics},
  year      = {2016},
  isbn      = {978-1-945626-23-4},
  timestamp = {Fri, 04 Nov 2016 11:22:24 +0100},
  biburl    = {http://dblp.org/rec/bib/conf/sigdial/2016},
  bibsource = {dblp computer science bibliography, http://dblp.org}
}